@Book{PW,
author = {Pitt-Francis, Joe AND Whiteley, Jonathan},
title = {Guide to Scientific Computing in C++},
publisher = {Springer-Verlag},
address = {London},
year = {2012},
}

@Book{TV,
author = {Tveito, Aslak AND Langtangen, Hans Petter AND Nielsen, Bjørn Frederik AND Cai, Xing},
title = {Elements of Scientific Computing},
publisher = {Springer-Verlag},
address = {Berlin Heidelberg},
year = {2010},
}

@book{Wincky,
  author        = {Gregoire Winckelmans},
  title         = {{LMECA2660} : Numerical methods in fluid dynamics. {L}ecture notes},
  publisher={Université Catholique de Louvain},
  year = {2016}
}